@article{hasson1995,
	author = {T Hasson  and M B Heintzelman  and J Santos-Sacchi  and D P Corey  and M S Mooseker },
	title = {Expression in cochlea and retina of myosin VIIa, the gene product defective in Usher syndrome type 1B},
	journal = {Proceedings of the National Academy of Sciences},
	volume = {92},
	number = {21},
	pages = {9815-9819},
	year = {1995},
	doi = {10.1073/pnas.92.21.9815},
	URL = {https://www.pnas.org/doi/abs/10.1073/pnas.92.21.9815},
	eprint = {https://www.pnas.org/doi/pdf/10.1073/pnas.92.21.9815},
}

@article{liu1997,
	author = {Liu, Xinran and Vansant, Gordon and Udovichenko, Igor P. and Wolfrum, Uwe and Williams, David S.},
	title = {Myosin VIIa, the product of the Usher 1B syndrome gene, is concentrated in the connecting cilia of photoreceptor cells},
	journal = {Cell Motility},
	volume = {37},
	number = {3},
	pages = {240-252},
	keywords = {Usher syndrome, unconventional myosin, cilium, photoreceptor cell, shaker-1 mice},
	doi = {https://doi.org/10.1002/(SICI)1097-0169(1997)37:3<240::AID-CM6>3.0.CO;2-A},
	url = {https://onlinelibrary.wiley.com/doi/abs/10.1002/%28SICI%291097-0169%281997%2937%3A3%3C240%3A%3AAID-CM6%3E3.0.CO%3B2-A},
	eprint = {https://onlinelibrary.wiley.com/doi/pdf/10.1002/%28SICI%291097-0169%281997%2937%3A3%3C240%3A%3AAID-CM6%3E3.0.CO%3B2-A},
	year = {1997}
}

@article{riazuddin2008,
author = {Riazuddin, Saima and Nazli, Sabiha and Ahmed, Zubair M. and Yang, Yi and Zulfiqar, Fareeha and Shaikh, Rehan S. and Zafar, Ahmed U. and Khan, Shaheen N. and Sabar, Farooq and Javid, Fouzia T. and Wilcox, Edward R. and Tsilou, Ekaterini and Boger, Erich T. and Sellers, James R. and Belyantseva, Inna A. and Riazuddin, Sheikh and Friedman, Thomas B.},
title = {Mutation spectrum of MYO7A and evaluation of a novel nonsyndromic deafness DFNB2 allele with residual function},
journal = {Human Mutation},
volume = {29},
number = {4},
pages = {502-511},
keywords = {deafness, nonsyndromic hearing loss, DFNB2, MYO7A, Usher syndrome, hair cell, stereocilia},
doi = {https://doi.org/10.1002/humu.20677},
url = {https://onlinelibrary.wiley.com/doi/abs/10.1002/humu.20677},
eprint = {https://onlinelibrary.wiley.com/doi/pdf/10.1002/humu.20677},
year = {2008}
}

@article{liu1999,
	author = {Xinran Liu and Igor P. Udovichenko and Stephen D.M. Brown and Karen P. Steel and David S. Williams},
	title = {Myosin VIIa Participates in Opsin Transport through The Photoreceptor Cilium},
	volume = {19},
	number = {15},
	pages = {6267--6274},
	year = {1999},
	doi = {10.1523/JNEUROSCI.19-15-06267.1999},
	publisher = {Society for Neuroscience},
	issn = {0270-6474},
	URL = {https://www.jneurosci.org/content/19/15/6267},
	eprint = {https://www.jneurosci.org/content/19/15/6267.full.pdf},
	journal = {Journal of Neuroscience}
}

@article{wen2019,
	author = {Wen, Qing and Wu, Siwen and Lee, Will M and Wong, Chris K C and Lui, Wing-yee and Silvestrini, Bruno and Cheng, C Yan},
	title = "{Myosin VIIa Supports Spermatid/Organelle Transport and Cell Adhesion During Spermatogenesis in the Rat Testis}",
	journal = {Endocrinology},
	volume = {160},
	number = {3},
	pages = {484-503},
	year = {2019},
	month = {01},
	issn = {0013-7227},
	doi = {10.1210/en.2018-00855},
	url = {https://doi.org/10.1210/en.2018-00855},
	eprint = {https://academic.oup.com/endo/article-pdf/160/3/484/27769067/en.2018-00855.pdf},
}

@article{lopes2011,
	author = {Lopes, Vanda S. and Gibbs, Daniel and Libby, Richard T. and Aleman, Tomas S. and Welch, Darcy L. and Lillo, Concepci{\'o}n and Jacobson, Samuel G. and Radu, Roxana A. and Steel, Karen P. and Williams, David S.},
	title = "{The Usher 1B protein, MYO7A, is required for normal localization and function of the visual retinoid cycle enzyme, RPE65}",
	journal = {Human Molecular Genetics},
	volume = {20},
	number = {13},
	pages = {2560-2570},
	year = {2011},
	month = {04},
	issn = {0964-6906},
	doi = {10.1093/hmg/ddr155},
	url = {https://doi.org/10.1093/hmg/ddr155},
	eprint = {https://academic.oup.com/hmg/article-pdf/20/13/2560/17251945/ddr155.pdf},
}

@article{hollo2023,
	author = {Holl{\'o}, Alexandra and Billington, Neil and Takagi, Yasuharu and Kengyel, Andr{\'a}s and Sellers, James R. and Liu, Rong},
	title = "{Molecular regulatory mechanism of human myosin-7a}",
	journal = {Journal of Biological Chemistry},
	volume = {299},
	number = {10},
	year = {2023},
	issn = {0021-9258},
}

@article{mafftv7,
    author = {Katoh, Kazutaka and Standley, Daron M.},
    title = "{MAFFT Multiple Sequence Alignment Software Version 7: Improvements in Performance and Usability}",
    journal = {Molecular Biology and Evolution},
    volume = {30},
    number = {4},
    pages = {772-780},
    year = {2013},
    month = {01},
    issn = {0737-4038},
    doi = {10.1093/molbev/mst010},
    url = {https://doi.org/10.1093/molbev/mst010},
    eprint = {https://academic.oup.com/mbe/article-pdf/30/4/772/6420419/mst010.pdf},
}

@article{iqtree,
    author = {Minh, Bui Quang and Schmidt, Heiko A and Chernomor, Olga and Schrempf, Dominik and Woodhams, Michael D and von Haeseler, Arndt and Lanfear, Robert},
    title = "{IQ-TREE 2: New Models and Efficient Methods for Phylogenetic Inference in the Genomic Era}",
    journal = {Molecular Biology and Evolution},
    volume = {37},
    number = {5},
    pages = {1530-1534},
    year = {2020},
    month = {02},
    issn = {0737-4038},
    doi = {10.1093/molbev/msaa015},
    url = {https://doi.org/10.1093/molbev/msaa015},
    eprint = {https://academic.oup.com/mbe/article-pdf/37/5/1530/33386032/msaa015.pdf},
}

@article{biopython,
	author = {Cock, Peter J. A. and Antao, Tiago and Chang, Jeffrey T. and Chapman, Brad A. and Cox, Cymon J. and Dalke, Andrew and Friedberg, Iddo and Hamelryck, Thomas and Kauff, Frank and Wilczynski, Bartek and de Hoon, Michiel J. L.},
	title = "{Biopython: freely available Python tools for computational molecular biology and bioinformatics}",
	journal = {Bioinformatics},
	volume = {25},
	number = {11},
	pages = {1422-1423},
	year = {2009},
	month = {03},
	issn = {1367-4803},
	doi = {10.1093/bioinformatics/btp163},
	url = {https://doi.org/10.1093/bioinformatics/btp163},
	eprint = {https://academic.oup.com/bioinformatics/article-pdf/25/11/1422/48989335/bioinformatics\_25\_11\_1422.pdf},
}

@article{phylo,
	author = {Talevich, Eric and Invergo, Brandon M. and Cock, Peter J. A. and Chapman, Brad A.},
	title = "{Bio.Phylo: A unified toolkit for processing, analyzing and visualizing phylogenetic trees in Biopython}",
	year = {2012},
	journal = {BMC Bioinformatics},
	pages = {209},
	volume = {13},
	issn = {1471-2105},
	url = {https://doi.org/10.1186/1471-2105-13-209},
	doi = {10.1186/1471-2105-13-209}
}
